%% This BibTeX bibliography file was created using BibDesk.
%% http://bibdesk.sourceforge.net/

%% Saved with string encoding Unicode (UTF-8)

@ONLINE{lipsum,
  title = {{Lorem Ipsum}},
  url = {https://lipsum.com/},
  urldate = {2020-11-30}
}

@ONLINE{comparison,
  title = {{ROS2 from the Ground Up}},
  url = {https://medium.com/@nullbyte.in/ros2-from-the-ground-up-part-1-an-introduction-to-the-robot-operating-system-4c2065c5e032},
  urldate = {2022-12-23}
}

@ONLINE{chatgpt,
  title = {{ChatGPT}},
  url = {https://chat.openai.com/chat},
  urldate = {2022-12-24}
}

@ONLINE{RosDoc,
  title = {{ROS2 documentation}},
  url = {https://docs.ros.org/en/humble/index.html},
  urldate = {2022-12-23}
}

@manual{timovyProjekt,
  author = {{Bc. Marek Pacalaj, Bc. Tomáš Kútik, Bc. Dominik Gula, Bc. Dávid Pavlič, Bc. Daniel Ďurkovič}},
  title = {Mobilný podstavec pre robota},
  year = {2019}
}

@manual{BMdoc,
  author = {{Bc. Marek Pacalaj, Bc. Tomáš Kútik, Bc. Dominik Gula, Bc. Dávid Pavlič, Bc. Daniel Ďurkovič}},
  title = {Dokumentacia k softwaru robota BlackMetal},
  year = {2019}
}

@online{menic,
  title = {{EPOS2 Positioning Controllers}},
  url = {https://www.maxongroup.com/medias/sys_master/root/8831294472222/2018EN-457-458-459-461.pdf},
  urldate = {2022-12-26}
}

@online{encoder,
  title = {{Encoder MR Type L, 256–1024 CPT, 3 channels, with line driver}},
  url = {https://innodrive.ru/downloads.php?file=/wp-content/uploads/files/maxon/sensor/15032-EN-21-479.pdf},
  urldate = {2022-12-26}
}

@online{prevodovka,
  title = {{Details Planetary Gearhead GP 42 C Ø42 mm, 3 - 15 Nm, Ceramic Version}},
  url = {https://www.maxongroup.com/maxon/view/product/gear/planetary/gp42/203120},
  urldate = {2022-12-26}
}

@online{motor,
  title = {{Details RE 40 Ø40 mm, Graphite Brushes, 150 Watt}},
  url = {https://www.maxongroup.com/maxon/view/product/motor/dcmotor/re/re40/148867},
  urldate = {2022-12-26}
}

@online{robotPc,
  title = {{MIO-5272}},
  url = {https://www.mouser.sk/datasheet/2/638/MIO-5272_DS(01.17.18)20180118153722-1570123.pdf},
  urldate = {2022-12-26}
}

@online{extensionModule,
  title = {{MIO-210}},
  url = {https://advdownload.advantech.com/productfile/PIS/MIOe-210/Product%20-%20Datasheet/MIOe-210_220_230_110_120_PWR1_DS(03.26.14)20140327095019.pdf},
  urldate = {2022-12-26}
}

@online{arduinoUno,
  title = {{Arduino Uno datasheet}},
  url = {https://docs.arduino.cc/resources/datasheets/A000066-datasheet.pdf},
  urldate = {2022-12-26}
}

@manual{EPOSdoc,
  author = {{Maxon}},
  title = {EPOS Command Library},
  subtitle = {Document ID: rel6806},
  month = {November},
  year = {2019}
}

@ONLINE{t00,
  editor = {Bratková, Eva},
  editortype={compiler},
  title =  {Metody citování literatury a strukturování bibliografických záznamů podle mezinárodních norem ISO 690 a ISO 690-2},
  subtitle = {metodický materiál pro autory vysokoškolských kvalifikačních prací}, edition = {Verze 2.0, aktualiz. a rozšíř.},
  location = {Praha},
  publisher = {Odborná komise pro otázky elektronického zpřístupňování vysokoškolských kvalifikačních prací, Asociace knihoven vysokých škol ČR},
  date = {2008-12-22},
  pagetotal = {60},
  url = {http://www.evskp.cz/SD/4c.pdf},
  urldate = {2011-02-02}
}

@BOOK{t01,
  author = {Borgman, Christine L.},
  year={2003},
  title = {From Gutenberg to the global information infrastructure},
  subtitle = {access to information in the networked world},
  edition= {first},
  location = {Cambridge (Mass)},
  publisher = {The MIT Press},
  pagetotal =  {xviii, 324},
  isbn =  {978-3-16-148410-0}
}

@INCOLLECTION{t02,
  author = {Greenberg, David},
  year = {1998},
  title = {Camel drivers and gatecrashers},
  subtitle = {quality control in the digital research library},
  editor = {Hawkins, B.L and Battin, P},
  booktitle = {The mirage of continuity},
  booksubtitle = {reconfiguring academic information resources for the 21st  century},
  location = {Washington (D.C.)},
  publisher = {Council on Library and Information Resources; Association of American Universities},
  pages = {105-116},
  langid = {english}
}

@ARTICLE{t03,
  author = {LYNCH, C.},
  year = {2005},
  title = {Where do we go from here?},
  subtitle = {the next decade for digital libraries},
  journaltitle = {DLib Magazine},
  volume =  {11},
  number = {7/8},
  urldate ={2005-08-15},
  url = {http://www.dlib.org/dlib/july05/lynch/07lynch.html},
  issn = {1082-9873},
  langid = {english}
}

@ARTICLE{cr,
  author = {{Národní knihovna}},
  title = {A big paper},
  journaltitle = {The journal of big papers},
  year = {1991},
  volume = {12},
  number = {3},
  issn={2232-332X},
  langid={english}
}

@BOOK{kniha,
  title = {A big paper},
  subtitle={Podtitul},
  publisher = {Academia},
  year = {1991},
  author = {Děťa, Hugh and Rychlík, Tomáš},
  edition = {2},
  pagetotal = {550},
  location = {Praha},
  series={Pokusná edice},
  isbn={978-3-16-148410-0},
  url={http://pokus.cz},
  comment={Dostupné také z WWW},
  urldate = {2011-01-12}
}

@BOOK{kniha2,
  title = {Úplně úžasná knížka},
  year = {1991},
  author = {Děťa, Hugh and Rychlík, Tomáš and Další, Pepa and Spousta, Pepa and Skoro, Moc and Ale, Nestačí and Hodně},
  edition = {3},
  address = {Praha}
}

@BOOK{kniha3,
  title = {Úplně úžasná knížka},
  year = {1991},
  author = {Děťa, Hugh and Rychlík, Tomáš and Další, Pepa and Spousta, Pepa and Skoro, Moc and Ale, Nestačí and Hodně},
  edition = {3},
  publisher={MIT Press},
  address = {Praha},
  pagetotal={332},
  langid={english}
}

@ARTICLE{small,
  author = {Freely, I.P.},
  title = {A small paper},
  subtitle = {Podtitulek},
  journaltitle = {The journal of small papers},
  year = {1997},
  volume = {1},
  note = {to appear},
  pages={2-5},
  number={3}
}

@ARTICLE{big,
  author = {Jass, Hugh},
  title = {A big paper},
  journal = {The journal of big papers},
  year = {1991},
  volume = {23}
}

@ARTICLE{cs,
  COMMENT_OUTauthor = {Černý, Hugh},
  title = {Titulek},
  journal = {The journal of big papers},
  year = {1991},
  volume = {12},
  pages = {22-44},
  doi = {10.112.22/jkn},
  number = {2},
}

@BOOK{koll,
  author = {Kollmannová, Ludmila and Bubeníková, Libuše and Kopecká, Alena},
  title = {Angličtina pro samouky},
  edition = {5},
  location = {Praha},
  publisher = {Státní pedagogické nakladatelství},
  year = {1977},
  pagetotal = {525},
  series = {Učebnice pro samouky},
  number = {4},
  isbn = {978-3-16-148410-0}
}

@INBOOK{kap,
  author = {Novotná, Pepina},
  title = {Podkapitola},
  pages = {22-29},
  chapter = {2.},
  crossref = {koll}
}

@PERIODICAL{tug,
  journaltitle = {TUGBoat},
  publisher = {TUG},
  issn = {1222-3333},
  langid = {english},
  date = {1980/},
  options = {skipbib=true},
  url={http://tugboat.tug.org/}
}

@ARTICLE{knuth,
  author = {Knuth, Donald},
  title = {Journeys of \TeX},
  volume = {17},
  number = {3},
  year = {2003},
  pages = {12-22},
  url = {http://tugboat.tug.org/kkk.pdf},
  crossref={tug}
}

@COLLECTION{zbornik,
title = {Mimořádně užitečný sborník},
editor = {Geniální, Jiří},
year = {2007},
location = {Praha},
publisher = {Academia},
isbn = {978-3-16-148410-0}
}

@INCOLLECTION{prispevok,
crossref = {zbornik},
title = {Velmi zajímavý článek},
author = {Vlaštovka, Josef},
pages = {22-45}
}

